<record><leader>00000cas a22000007a 4500</leader><controlfield tag="001">21479521</controlfield><controlfield tag="008">900504d18481851gauwr ne      0    0eng d</controlfield><datafield ind1=" " ind2=" " tag="010"><subfield code="a">sn 89053969 </subfield></datafield><datafield ind1=" " ind2=" " tag="040"><subfield code="a">NLG</subfield><subfield code="b">eng</subfield><subfield code="c">NLG</subfield><subfield code="d">NVK</subfield><subfield code="d">OCL</subfield><subfield code="d">GUA</subfield><subfield code="d">OCLCQ</subfield><subfield code="d">OCLCF</subfield><subfield code="d">OCLCO</subfield></datafield><datafield ind1=" " ind2=" " tag="042"><subfield code="a">msc</subfield></datafield><datafield ind1=" " ind2=" " tag="043"><subfield code="a">n-us-ga</subfield></datafield><datafield ind1="0" ind2="0" tag="245"><subfield code="a">Weekly republic.</subfield></datafield><datafield ind1=" " ind2=" " tag="260"><subfield code="a">Augusta, Ga. :</subfield><subfield code="b">James M. Smythe</subfield></datafield><datafield ind1=" " ind2=" " tag="300"><subfield code="a">v. :</subfield><subfield code="b">ill. ;</subfield><subfield code="c">65 cm.</subfield></datafield><datafield ind1=" " ind2=" " tag="310"><subfield code="a">Weekly</subfield></datafield><datafield ind1="1" ind2=" " tag="362"><subfield code="a">Began in 1848?</subfield></datafield><datafield ind1=" " ind2=" " tag="500"><subfield code="a">"A Whig Journal, devoted to News, Politics, Literature, General Intelligence, Agriculture, &amp;c."</subfield></datafield><datafield ind1=" " ind2=" " tag="500"><subfield code="a">Editors: James M. Smythe, Andrew H.H. Dawson, Robert A. Whyte, &lt;1850&gt;-</subfield></datafield><datafield ind1=" " ind2=" " tag="500"><subfield code="a">Whig.</subfield></datafield><datafield ind1=" " ind2=" " tag="580"><subfield code="a">Merged with: Weekly Georgia constitutionalist (Augusta, Ga. : 1851), to form: Weekly Georgia constitutionalist, and weekly republic.</subfield></datafield><datafield ind1=" " ind2=" " tag="588"><subfield code="a">Description based on: Vol. 3, no. 8 (Feb. 19, 1850).</subfield></datafield><datafield ind1=" " ind2="0" tag="651"><subfield code="a">Augusta (Ga.)</subfield><subfield code="v">Newspapers.</subfield></datafield><datafield ind1=" " ind2="0" tag="651"><subfield code="a">Richmond County (Ga.)</subfield><subfield code="v">Newspapers.</subfield></datafield><datafield ind1=" " ind2="7" tag="655"><subfield code="a">Newspapers.</subfield><subfield code="2">fast</subfield><subfield code="0">(OCoLC)fst01423814</subfield></datafield><datafield ind1=" " ind2="7" tag="651"><subfield code="a">Georgia</subfield><subfield code="z">Augusta.</subfield><subfield code="2">fast</subfield><subfield code="0">(OCoLC)fst01206406</subfield></datafield><datafield ind1=" " ind2="7" tag="651"><subfield code="a">Georgia</subfield><subfield code="z">Richmond County.</subfield><subfield code="2">fast</subfield><subfield code="0">(OCoLC)fst01215116</subfield></datafield><datafield ind1=" " ind2=" " tag="752"><subfield code="a">United States</subfield><subfield code="b">Georgia</subfield><subfield code="c">Richmond</subfield><subfield code="d">Augusta.</subfield></datafield><datafield ind1="0" ind2=" " tag="775"><subfield code="t">Tri-weekly republic (Augusta, Ga. : 1848)</subfield><subfield code="w">(DLC)sn 87090466</subfield><subfield code="w">(OCoLC)15286706</subfield></datafield><datafield ind1="1" ind2="7" tag="785"><subfield code="t">Weekly Georgia constitutionalist (Augusta, Ga. : 1851)</subfield><subfield code="w">(DLC)sn 90052268</subfield><subfield code="w">(OCoLC)21932176</subfield></datafield><datafield ind1="1" ind2="7" tag="785"><subfield code="t">Weekly Georgia constitutionalist, and weekly republic</subfield><subfield code="w">(DLC)sn 85034436</subfield><subfield code="w">(OCoLC)12848673</subfield></datafield></record>